<?xml version="1.0" encoding="UTF-8"?><collection xmlns="http://www.loc.gov/MARC21/slim"><record><leader>00383nam--2200121-i-4500</leader><controlfield tag="001">000003012</controlfield><controlfield tag="002">20161230</controlfield><controlfield tag="005">20161230201025</controlfield><controlfield tag="008">060222s1000------------r-----000-0-eng-d</controlfield><datafield ind1=" " ind2=" " tag="100"><subfield code="a">Clapham, Charles B</subfield></datafield><datafield ind1=" " ind2=" " tag="245"><subfield code="a">Arithmatic for engineers, including simple alg ebra, measuration, logharithms ... 5 th ed.revised</subfield></datafield><datafield ind1=" " ind2=" " tag="260"><subfield code="a">London, Chapman And Hall, 1955</subfield></datafield><datafield ind1=" " ind2=" " tag="490"><subfield code="a">Directly Useful Techn</subfield></datafield></record></collection>